<record><leader>00000cas a2200000 a 4500</leader><controlfield tag="001">11887443</controlfield><controlfield tag="008">850404d18641865vaudr ne      0    0eng c</controlfield><datafield ind1=" " ind2=" " tag="010"><subfield code="a">sn 85025724 </subfield></datafield><datafield ind1=" " ind2=" " tag="040"><subfield code="a">NPX</subfield><subfield code="b">eng</subfield><subfield code="c">NPX</subfield><subfield code="d">NPU</subfield><subfield code="d">DLC</subfield><subfield code="d">MGN</subfield><subfield code="d">NVK</subfield><subfield code="d">MGN</subfield><subfield code="d">OCL</subfield><subfield code="d">NVK</subfield><subfield code="d">DLC</subfield><subfield code="d">OCLCQ</subfield><subfield code="d">OCLCF</subfield><subfield code="d">OCLCO</subfield></datafield><datafield ind1="1" ind2=" " tag="029"><subfield code="a">AU@</subfield><subfield code="b">000020233526</subfield></datafield><datafield ind1=" " ind2=" " tag="042"><subfield code="a">pcc</subfield></datafield><datafield ind1=" " ind2=" " tag="043"><subfield code="a">n-us-va</subfield></datafield><datafield ind1="0" ind2="0" tag="050"><subfield code="a">Newspaper 10071</subfield></datafield><datafield ind1="0" ind2="0" tag="050"><subfield code="a">Newspaper 10086</subfield></datafield><datafield ind1="0" ind2="4" tag="245"><subfield code="a">The Daily Old Dominion.</subfield></datafield><datafield ind1="1" ind2="3" tag="246"><subfield code="a">Old Dominion</subfield></datafield><datafield ind1=" " ind2=" " tag="260"><subfield code="a">Norfolk, Va. :</subfield><subfield code="b">W.E. Sexton &amp; A.W. Atwood</subfield></datafield><datafield ind1=" " ind2=" " tag="300"><subfield code="a">v. :</subfield><subfield code="b">ill. ;</subfield><subfield code="c">50-56 cm.</subfield></datafield><datafield ind1=" " ind2=" " tag="310"><subfield code="a">Daily</subfield></datafield><datafield ind1="0" ind2=" " tag="362"><subfield code="a">Vol. 2, no. 1 (Aug. 22, 1864)-</subfield></datafield><datafield ind1="1" ind2=" " tag="362"><subfield code="a">Ceased in Nov. 1865.</subfield></datafield><datafield ind1=" " ind2=" " tag="500"><subfield code="a">Published simultaneously at Portsmouth, Va., &lt;1864&gt;.</subfield></datafield><datafield ind1=" " ind2=" " tag="500"><subfield code="a">Publishers: A. Watson Atwood, James K. Wolcott, &lt;1865&gt;; J.K. Wolcott &amp; W.E. Sexton, &lt;1865&gt;.</subfield></datafield><datafield ind1=" " ind2=" " tag="500"><subfield code="a">Editors: J.K. Wolcott, R.E. Glassette, &amp; W.E. Sexton, &lt;1856&gt;.</subfield></datafield><datafield ind1=" " ind2=" " tag="500"><subfield code="a">Republican. Cf. Cappon, L.J. Va. newspapers.</subfield></datafield><datafield ind1=" " ind2="0" tag="651"><subfield code="a">Norfolk (Va.)</subfield><subfield code="v">Newspapers.</subfield></datafield><datafield ind1=" " ind2="0" tag="651"><subfield code="a">Portsmouth (Va.)</subfield><subfield code="v">Newspapers.</subfield></datafield><datafield ind1=" " ind2="7" tag="655"><subfield code="a">Newspapers.</subfield><subfield code="2">fast</subfield><subfield code="0">(OCoLC)fst01423814</subfield></datafield><datafield ind1=" " ind2="7" tag="651"><subfield code="a">Virginia</subfield><subfield code="z">Norfolk.</subfield><subfield code="2">fast</subfield><subfield code="0">(OCoLC)fst01206844</subfield></datafield><datafield ind1=" " ind2="7" tag="651"><subfield code="a">Virginia</subfield><subfield code="z">Portsmouth.</subfield><subfield code="2">fast</subfield><subfield code="0">(OCoLC)fst01213398</subfield></datafield><datafield ind1=" " ind2=" " tag="752"><subfield code="a">United States</subfield><subfield code="b">Virginia</subfield><subfield code="d">Norfolk.</subfield></datafield><datafield ind1=" " ind2=" " tag="752"><subfield code="a">United States</subfield><subfield code="b">Virginia</subfield><subfield code="d">Portsmouth.</subfield></datafield><datafield ind1="0" ind2="0" tag="780"><subfield code="t">Old Dominion (Portsmouth, Va.)</subfield><subfield code="w">(DLC)sn 85025723</subfield></datafield><datafield ind1="0" ind2="0" tag="785"><subfield code="t">Norfolk Old Dominion</subfield><subfield code="w">(DLC)sn 86071778</subfield></datafield></record>